@INPROCEEDINGS{BibtexKey,
author={Brad Pitt and Angelina Jolie},
booktitle={Proceedings of the Desperate Single Research Students in NTU, 20whateverteen},
title={A Guide to Find Your Bride},
year={20whateverteen},
pages={xxx-xxx},
keywords={Holiday;Yey!;SupIsNotHere;CatGoneMouseCanPlay;ScrewResearch;ThaiMassage;GettingWasted;ThaiChicks;ThaiFood;StayUpAllNight;UseCondoms;ThisIsWhatICallLife;AmISerious;DoingPhD;Really;FML},}
